<?xml version="1.0" encoding="UTF-8"?><collection xmlns="http://www.loc.gov/MARC21/slim"><record><leader>00348nam--2200145-i-4500</leader><controlfield tag="001">000042969</controlfield><controlfield tag="002">20161230</controlfield><controlfield tag="005">20161230201043</controlfield><controlfield tag="008">060222s1000------------r-----000-0-eng-d</controlfield><datafield ind1=" " ind2=" " tag="080"><subfield code="a">551.582(498)</subfield></datafield><datafield ind1=" " ind2=" " tag="100"><subfield code="a">Stoenescu,St.M</subfield></datafield><datafield ind1=" " ind2=" " tag="245"><subfield code="a">Clima bucegilor</subfield></datafield><datafield ind1=" " ind2=" " tag="260"><subfield code="a">Bucuresti, Ed.Tehnica, 1951. 219 P</subfield></datafield><datafield ind1=" " ind2=" " tag="490"><subfield code="a">Memorii Si Studii</subfield></datafield><datafield ind1=" " ind2=" " tag="852"><subfield code="a">47581</subfield></datafield></record></collection>